@article{vaswani2017attention,
  title={Attention is all you need},
  author={Vaswani, Ashish and Shazeer, Noam and Parmar, Niki and Uszkoreit, Jakob and Jones, Llion and Gomez, Aidan N and Kaiser, {\L}ukasz and Polosukhin, Illia},
  journal={Advances in neural information processing systems},
  volume={30},
  year={2017}
}

@article{raffel2020exploring,
  title={Exploring the limits of transfer learning with a unified text-to-text transformer},
  author={Raffel, Colin and Shazeer, Noam and Roberts, Adam and Lee, Katherine and Narang, Sharan and Matena, Michael and Zhou, Yanqi and Li, Wei and Liu, Peter J},
  journal={Journal of machine learning research},
  volume={21},
  number={140},
  pages={1--67},
  year={2020}
}
@article{herzig2020tapas,
  title={TaPas: Weakly supervised table parsing via pre-training},
  author={Herzig, Jonathan and Nowak, Pawe{\l} Krzysztof and M{\"u}ller, Thomas and Piccinno, Francesco and Eisenschlos, Julian Martin},
  journal={arXiv preprint arXiv:2004.02349},
  year={2020}
}

@article{dsouza2022,
    author={Ashlyn DSouza and Kavish Gandhi and Bruce Walker},
    title={Graph Ingestion Engine Project Report, Fall 2022},
    year={2022},
}
@article{dsouza2023,
author={Ashlin DSouza and Bruce Walker},
    title={Graph Ingestion Engine Project Report, Spring 2023},
year={2023},
}
@article{liu2022deplot,
  title={Deplot: One-shot visual language reasoning by plot-to-table translation},
  author={Liu, Fangyu and Eisenschlos, Julian Martin and Piccinno, Francesco and Krichene, Syrine and Pang, Chenxi and Lee, Kenton and Joshi, Mandar and Chen, Wenhu and Collier, Nigel and Altun, Yasemin},
  journal={arXiv preprint arXiv:2212.10505},
  year={2022}
}
@article{masry2022chartqa,
  title={Chartqa: A benchmark for question answering about charts with visual and logical reasoning},
  author={Masry, Ahmed and Long, Do Xuan and Tan, Jia Qing and Joty, Shafiq and Hoque, Enamul},
  journal={arXiv preprint arXiv:2203.10244},
  year={2022}
}
@article{xia2024chartx,
  title={Chartx \& chartvlm: A versatile benchmark and foundation model for complicated chart reasoning},
  author={Xia, Renqiu and Zhang, Bo and Ye, Hancheng and Yan, Xiangchao and Liu, Qi and Zhou, Hongbin and Chen, Zijun and Dou, Min and Shi, Botian and Yan, Junchi and others},
  journal={arXiv preprint arXiv:2402.12185},
  year={2024}
}
@article{masry2024chartgemma,
  title={ChartGemma: Visual Instruction-tuning for Chart Reasoning in the Wild},
  author={Masry, Ahmed and Thakkar, Megh and Bajaj, Aayush and Kartha, Aaryaman and Hoque, Enamul and Joty, Shafiq},
  journal={arXiv preprint arXiv:2407.04172},
  year={2024}
}
@inproceedings{methani2020plotqa,
  title={Plotqa: Reasoning over scientific plots},
  author={Methani, Nitesh and Ganguly, Pritha and Khapra, Mitesh M and Kumar, Pratyush},
  booktitle={Proceedings of the IEEE/CVF Winter Conference on Applications of Computer Vision},
  pages={1527--1536},
  year={2020}
}
@inproceedings{poco2017reverse,
  title={Reverse-engineering visualizations: Recovering visual encodings from chart images},
  author={Poco, Jorge and Heer, Jeffrey},
  booktitle={Computer graphics forum},
  volume={36},
  number={3},
  pages={353--363},
  year={2017},
  organization={Wiley Online Library}
}
@inproceedings{sreevalsan2021tensor,
  title={Tensor fields for data extraction from chart images: bar charts and scatter plots},
  author={Sreevalsan-Nair, Jaya and Dadhich, Komal and Daggubati, Siri Chandana},
  booktitle={Topological Methods in Data Analysis and Visualization VI: Theory, Applications, and Software},
  pages={219--241},
  year={2021},
  organization={Springer}
}
@article{kahou2017figureqa,
  title={Figureqa: An annotated figure dataset for visual reasoning},
  author={Kahou, Samira Ebrahimi and Michalski, Vincent and Atkinson, Adam and K{\'a}d{\'a}r, {\'A}kos and Trischler, Adam and Bengio, Yoshua},
  journal={arXiv preprint arXiv:1710.07300},
  year={2017}
}
@article{zhao2025chartcoder,
  title={ChartCoder: Advancing Multimodal Large Language Model for Chart-to-Code Generation},
  author={Zhao, Xuanle and Luo, Xianzhen and Shi, Qi and Chen, Chi and Wang, Shuo and Che, Wanxiang and Liu, Zhiyuan and Sun, Maosong},
  journal={arXiv preprint arXiv:2501.06598},
  year={2025}
}
@article{goswami2025chartcitor,
  title={ChartCitor: Multi-Agent Framework for Fine-Grained Chart Visual Attribution},
  author={Goswami, Kanika and Mathur, Puneet and Rossi, Ryan and Dernoncourt, Franck},
  journal={arXiv preprint arXiv:2502.00989},
  year={2025}
}
@book{rousseau2023pattern,
  title={Pattern Recognition, Computer Vision, and Image Processing. ICPR 2022 International Workshops and Challenges: Montreal, QC, Canada, August 21--25, 2022, Proceedings, Part I},
  author={Rousseau, Jean-Jacques and Kapralos, Bill},
  volume={13643},
  year={2023},
  publisher={Springer Nature}
}
@article{team2024gemini,
  title={Gemini 1.5: Unlocking multimodal understanding across millions of tokens of context},
  author={Team, Gemini and Georgiev, Petko and Lei, Ving Ian and Burnell, Ryan and Bai, Libin and Gulati, Anmol and Tanzer, Garrett and Vincent, Damien and Pan, Zhufeng and Wang, Shibo and others},
  journal={arXiv preprint arXiv:2403.05530},
  year={2024}
}
@article{beyer2024paligemma,
  title={Paligemma: A versatile 3b vlm for transfer},
  author={Beyer, Lucas and Steiner, Andreas and Pinto, Andr{\'e} Susano and Kolesnikov, Alexander and Wang, Xiao and Salz, Daniel and Neumann, Maxim and Alabdulmohsin, Ibrahim and Tschannen, Michael and Bugliarello, Emanuele and others},
  journal={arXiv preprint arXiv:2407.07726},
  year={2024}
}
@inproceedings{lee2023pix2struct,
  title={Pix2struct: Screenshot parsing as pretraining for visual language understanding},
  author={Lee, Kenton and Joshi, Mandar and Turc, Iulia Raluca and Hu, Hexiang and Liu, Fangyu and Eisenschlos, Julian Martin and Khandelwal, Urvashi and Shaw, Peter and Chang, Ming-Wei and Toutanova, Kristina},
  booktitle={International Conference on Machine Learning},
  pages={18893--18912},
  year={2023},
  organization={PMLR}
}
@article{liu2022matcha,
  title={Matcha: Enhancing visual language pretraining with math reasoning and chart derendering},
  author={Liu, Fangyu and Piccinno, Francesco and Krichene, Syrine and Pang, Chenxi and Lee, Kenton and Joshi, Mandar and Altun, Yasemin and Collier, Nigel and Eisenschlos, Julian Martin},
  journal={arXiv preprint arXiv:2212.09662},
  year={2022}
}
@article{masry2024chartinstruct,
  title={ChartInstruct: Instruction Tuning for Chart Comprehension and Reasoning},
  author={Masry, Ahmed and Shahmohammadi, Mehrad and Parvez, Md Rizwan and Hoque, Enamul and Joty, Shafiq},
  journal={arXiv preprint arXiv:2403.09028},
  year={2024}
}
@article{balaji2018chart,
  title={Chart-text: A fully automated chart image descriptor},
  author={Balaji, Abhijit and Ramanathan, Thuvaarakkesh and Sonathi, Venkateshwarlu},
  journal={arXiv preprint arXiv:1812.10636},
  year={2018}
}
@inproceedings{gao2012view,
  title={View: Visual information extraction widget for improving chart images accessibility},
  author={Gao, Jinglun and Zhou, Yin and Barner, Kenneth E},
  booktitle={Proceedings of the IEEE International Conference on Image Processing},
  pages={2865--2868},
  year={2012},
  organization={IEEE}
}
@inproceedings{sreevalsan2021tensor,
  title={Tensor fields for data extraction from chart images: bar charts and scatter plots},
  author={Sreevalsan-Nair, Jaya and Dadhich, Komal and Daggubati, Siri Chandana},
  booktitle={Topological Methods in Data Analysis and Visualization VI: Theory, Applications, and Software},
  pages={219--241},
  year={2021},
  organization={Springer}
}
@inproceedings{choi2019visualizing,
  title={Visualizing for the non-visual: Enabling the visually impaired to use visualization},
  author={Choi, Jinho and Jung, Sanghun and Park, Deok Gun and Choo, Jaegul and Elmqvist, Niklas},
  booktitle={Computer Graphics Forum},
  volume={38},
  number={3},
  pages={249--260},
  year={2019},
  organization={Wiley Online Library}
}

@article{kumar2022chartparser,
  title={ChartParser: Automatic Chart Parsing for Print-Impaired},
  author={Kumar, Anukriti and Ganu, Tanuja and Guha, Saikat},
  journal={arXiv preprint arXiv:2211.08863},
  year={2022}
}
@inproceedings{jung2017chartsense,
  title={Chartsense: Interactive data extraction from chart images},
  author={Jung, Daekyoung and Kim, Wonjae and Song, Hyunjoo and Hwang, Jeong-in and Lee, Bongshin and Kim, Bohyoung and Seo, Jinwook},
  booktitle={Proceedings of the CHI Conference on Human Factors in Computing Systems},
  pages={6706--6717},
  year={2017}
}
@inproceedings{poco2017reverse,
  title={Reverse-engineering visualizations: Recovering visual encodings from chart images},
  author={Poco, Jorge and Heer, Jeffrey},
  booktitle={Computer Graphics Forum},
  volume={36},
  number={3},
  pages={353--363},
  year={2017},
  organization={Wiley Online Library}
}
@inproceedings{savva2011revision,
  title={Revision: Automated classification, analysis and redesign of chart images},
  author={Savva, Manolis and Kong, Nicholas and Chhajta, Arti and Fei-Fei, Li and Agrawala, Maneesh and Heer, Jeffrey},
  booktitle={Proceedings of the Annual ACM Symposium on User Interface Software and Technology},
  pages={393--402},
  year={2011}
}

@inproceedings{alam2023seechart,
  title={SeeChart: enabling accessible visualizations through interactive natural language interface for people with visual impairments},
  author={Alam, Md Zubair Ibne and Islam, Shehnaz and Hoque, Enamul},
  booktitle={Proceedings of the 28th International Conference on Intelligent User Interfaces},
  pages={46--64},
  year={2023}
}
@inproceedings{luo2021chartocr,
  title={Chartocr: Data extraction from charts images via a deep hybrid framework},
  author={Luo, Junyu and Li, Zekun and Wang, Jinpeng and Lin, Chin-Yew},
  booktitle={Proceedings of the IEEE/CVF winter conference on applications of computer vision},
  pages={1917--1925},
  year={2021}
}

@article{huang2023lvlms,
  title={Do lvlms understand charts? analyzing and correcting factual errors in chart captioning},
  author={Huang, Kung-Hsiang and Zhou, Mingyang and Chan, Hou Pong and Fung, Yi R and Wang, Zhenhailong and Zhang, Lingyu and Chang, Shih-Fu and Ji, Heng},
  journal={arXiv preprint arXiv:2312.10160},
  year={2023}
}
@article{masry2023unichart,
  title={Unichart: A universal vision-language pretrained model for chart comprehension and reasoning},
  author={Masry, Ahmed and Kavehzadeh, Parsa and Do, Xuan Long and Hoque, Enamul and Joty, Shafiq},
  journal={arXiv preprint arXiv:2305.14761},
  year={2023}
}
@article{tang2023vistext,
  title={Vistext: A benchmark for semantically rich chart captioning},
  author={Tang, Benny J and Boggust, Angie and Satyanarayan, Arvind},
  journal={arXiv preprint arXiv:2307.05356},
  year={2023}
}
@inproceedings{voigt2023vist5,
  title={VIST5: An adaptive, retrieval-augmented language model for visualization-oriented dialog},
  author={Voigt, Henrik and Carvalhais, Nuno and Meuschke, Monique and Reichstein, Markus and Zarrie, Sina and Lawonn, Kai},
  booktitle={The 2023 Conference on Empirical Methods in Natural Language Processing},
  pages={70--81},
  year={2023},
  organization={Association for Computational Linguistics}
}
@inproceedings{masson2023chartdetective,
  title={Chartdetective: Easy and accurate interactive data extraction from complex vector charts},
  author={Masson, Damien and Malacria, Sylvain and Vogel, Daniel and Lank, Edward and Casiez, G{\'e}ry},
  booktitle={Proceedings of the 2023 CHI Conference on Human Factors in Computing Systems},
  pages={1--17},
  year={2023}
}
@inproceedings{cheng2023chartreader,
  title={Chartreader: A unified framework for chart derendering and comprehension without heuristic rules},
  author={Cheng, Zhi-Qi and Dai, Qi and Hauptmann, Alexander G},
  booktitle={Proceedings of the IEEE/CVF International Conference on Computer Vision},
  pages={22202--22213},
  year={2023}
}
@article{bajic2022data,
  title={Data extraction of circular-shaped and grid-like chart images},
  author={Baji{\'c}, Filip and Job, Josip},
  journal={Journal of imaging},
  volume={8},
  number={5},
  pages={136},
  year={2022},
  publisher={MDPI}
}

@article{cao2024graphinsight,
  title={Graphinsight: Unlocking insights in large language models for graph structure understanding},
  author={Cao, Yukun and Han, Shuo and Gao, Zengyi and Ding, Zezhong and Xie, Xike and Zhou, S Kevin},
  journal={arXiv preprint arXiv:2409.03258},
  year={2024}
}

@article{chung2024scaling,
  title={Scaling instruction-finetuned language models},
  author={Chung, Hyung Won and Hou, Le and Longpre, Shayne and Zoph, Barret and Tay, Yi and Fedus, William and Li, Yunxuan and Wang, Xuezhi and Dehghani, Mostafa and Brahma, Siddhartha and others},
  journal={Journal of Machine Learning Research},
  volume={25},
  number={70},
  pages={1--53},
  year={2024}
}
@article{touvron2023llama,
  title={Llama 2: Open foundation and fine-tuned chat models},
  author={Touvron, Hugo and Martin, Louis and Stone, Kevin and Albert, Peter and Almahairi, Amjad and Babaei, Yasmine and Bashlykov, Nikolay and Batra, Soumya and Bhargava, Prajjwal and Bhosale, Shruti and others},
  journal={arXiv preprint arXiv:2307.09288},
  year={2023}
}
@article{sun2311graph,
  title={Graph prompt learning: A comprehensive survey and beyond. arXiv 2023},
  author={Sun, X and Zhang, J and Wu, X and Cheng, H and Xiong, Y and Li, J},
  journal={arXiv preprint arXiv:2311.16534}
}
@article{chen2022large,
  title={Large language models are few (1)-shot table reasoners},
  author={Chen, Wenhu},
  journal={arXiv preprint arXiv:2210.06710},
  year={2022}
}
@incollection{belgin2018ice,
  title={Ice: A federated instructional cluster environment for georgia tech},
  author={Belgin, Mehmet and Nightingale, Trever C and Mercer, David A and Liu, Fang Cherry and Wan, Peter and McNeill, Andre C and Lara, Ruben and Manno, Paul and Bright, Neil},
  booktitle={Proceedings of the Practice and Experience on Advanced Research Computing: Seamless Creativity},
  pages={1--7},
  year={2018}
}

@article{pace2017partnership,
  title={Partnership for an advanced computing environment (PACE)},
  author={PACE, M},
  year={2017}
}

@article{li2022chart,
  title={Chart-RCNN: Efficient Line Chart Data Extraction from Camera Images},
  author={Li, Shufan and Lu, Congxi and Li, Linkai and Zhou, Haoshuai},
  journal={arXiv preprint arXiv:2211.14362},
  year={2022}
}
@article{ren2015faster,
  title={Faster r-cnn: Towards real-time object detection with region proposal networks},
  author={Ren, Shaoqing and He, Kaiming and Girshick, Ross and Sun, Jian},
  journal={Advances in neural information processing systems},
  volume={28},
  year={2015}
}
